@article{bartok2013representing,
  title={On representing chemical environments},
  author={Bart{\'o}k, Albert P and Kondor, Risi and Cs{\'a}nyi, G{\'a}bor},
  journal={Physical Review B},
  volume={87},
  number={18},
  pages={184115},
  year={2013},
  publisher={APS}
}