@article{bartok2010gaussian,
  title={Gaussian approximation potentials: The accuracy of quantum mechanics, without the electrons},
  author={Bart{\'o}k, Albert P and Payne, Mike C and Kondor, Risi and Cs{\'a}nyi, G{\'a}bor},
  journal={Physical review letters},
  volume={104},
  number={13},
  pages={136403},
  year={2010},
  publisher={APS}
}

@article{chmiela2017machine,
  title={Machine learning of accurate energy-conserving molecular force fields},
  author={Chmiela, Stefan and Tkatchenko, Alexandre and Sauceda, Huziel E and Poltavsky, Igor and Sch{\"u}tt, Kristof T and M{\"u}ller, Klaus-Robert},
  journal={Science advances},
  volume={3},
  number={5},
  pages={e1603015},
  year={2017},
  publisher={American Association for the Advancement of Science}
}

@inproceedings{rasmussen2003gaussian,
  title={Gaussian processes in machine learning},
  author={Rasmussen, Carl Edward},
  booktitle={Summer School on Machine Learning},
  pages={63--71},
  year={2003},
  organization={Springer}
}

@inproceedings{williams1996gaussian,
  title={Gaussian processes for regression},
  author={Williams, Christopher KI and Rasmussen, Carl Edward},
  booktitle={Advances in neural information processing systems},
  pages={514--520},
  year={1996}
}

@inproceedings{zhang2018end,
  title={End-to-end symmetry preserving inter-atomic potential energy model for finite and extended systems},
  author={Zhang, Linfeng and Han, Jiequn and Wang, Han and Saidi, Wissam and Car, Roberto and Weinan, E},
  booktitle={Advances in Neural Information Processing Systems},
  pages={4441--4451},
  year={2018}
}

@article{behler2007generalized,
  title={Generalized neural-network representation of high-dimensional potential-energy surfaces},
  author={Behler, J{\"o}rg and Parrinello, Michele},
  journal={Physical review letters},
  volume={98},
  number={14},
  pages={146401},
  year={2007},
  publisher={APS}
}

@article{behler2011atom,
  title={Atom-centered symmetry functions for constructing high-dimensional neural network potentials},
  author={Behler, J{\"o}rg},
  journal={The Journal of chemical physics},
  volume={134},
  number={7},
  pages={074106},
  year={2011},
  publisher={AIP}
}

@inproceedings{schutt2017schnet,
  title={Schnet: A continuous-filter convolutional neural network for modeling quantum interactions},
  author={Sch{\"u}tt, Kristof and Kindermans, Pieter-Jan and Felix, Huziel Enoc Sauceda and Chmiela, Stefan and Tkatchenko, Alexandre and M{\"u}ller, Klaus-Robert},
  booktitle={Advances in Neural Information Processing Systems},
  pages={991--1001},
  year={2017}
}

@article{behler2011neural,
  title={Neural network potential-energy surfaces in chemistry: a tool for large-scale simulations},
  author={Behler, J{\"o}rg},
  journal={Physical Chemistry Chemical Physics},
  volume={13},
  number={40},
  pages={17930--17955},
  year={2011},
  publisher={Royal Society of Chemistry}
}

@article{bartok2015gaussian,
  title={Gaussian approximation potentials: A brief tutorial introduction},
  author={Bart{\'o}k, Albert P and Cs{\'a}nyi, G{\'a}bor},
  journal={International Journal of Quantum Chemistry},
  volume={115},
  number={16},
  pages={1051--1057},
  year={2015},
  publisher={Wiley Online Library}
}

@article{li2015molecular,
  title={Molecular dynamics with on-the-fly machine learning of quantum-mechanical forces},
  author={Li, Zhenwei and Kermode, James R and De Vita, Alessandro},
  journal={Physical review letters},
  volume={114},
  number={9},
  pages={096405},
  year={2015},
  publisher={APS}
}

@misc{flare, howpublished = {\url{https://github.com/mir-group/otf}}
}

@inproceedings{lam2015numba,
  title={Numba: A llvm-based python jit compiler},
  author={Lam, Siu Kwan and Pitrou, Antoine and Seibert, Stanley},
  booktitle={Proceedings of the Second Workshop on the LLVM Compiler Infrastructure in HPC},
  pages={7},
  year={2015},
  organization={ACM}
}

@article{botu2015adaptive,
  title={Adaptive machine learning framework to accelerate ab initio molecular dynamics},
  author={Botu, Venkatesh and Ramprasad, Rampi},
  journal={International Journal of Quantum Chemistry},
  volume={115},
  number={16},
  pages={1074--1083},
  year={2015},
  publisher={Wiley Online Library}
}

@article{deringer2017machine,
  title={Machine learning based interatomic potential for amorphous carbon},
  author={Deringer, Volker L and Cs{\'a}nyi, G{\'a}bor},
  journal={Physical Review B},
  volume={95},
  number={9},
  pages={094203},
  year={2017},
  publisher={APS}
}

@article{botu2015learning,
  title={Learning scheme to predict atomic forces and accelerate materials simulations},
  author={Botu, Venkatesh and Ramprasad, Rampi},
  journal={Physical Review B},
  volume={92},
  number={9},
  pages={094306},
  year={2015},
  publisher={APS}
}

@article{sheng2011highly,
  title={Highly optimized embedded-atom-method potentials for fourteen fcc metals},
  author={Sheng, HW and Kramer, MJ and Cadien, A and Fujita, T and Chen, MW},
  journal={Physical Review B},
  volume={83},
  number={13},
  pages={134118},
  year={2011},
  publisher={APS}
}

@article{botu2016machine,
  title={Machine learning force fields: Construction, validation, and outlook},
  author={Botu, Venkatesh and Batra, Rohit and Chapman, James and Ramprasad, Rampi},
  journal={The Journal of Physical Chemistry C},
  volume={121},
  number={1},
  pages={511--522},
  year={2016},
  publisher={ACS Publications}
}

@article{bartok2013representing,
  title={On representing chemical environments},
  author={Bart{\'o}k, Albert P and Kondor, Risi and Cs{\'a}nyi, G{\'a}bor},
  journal={Physical Review B},
  volume={87},
  number={18},
  pages={184115},
  year={2013},
  publisher={APS}
}

@article{glielmo2017accurate,
  title={Accurate interatomic force fields via machine learning with covariant kernels},
  author={Glielmo, Aldo and Sollich, Peter and De Vita, Alessandro},
  journal={Physical Review B},
  volume={95},
  number={21},
  pages={214302},
  year={2017},
  publisher={APS}
}

@article{glielmo2018efficient,
  title={Efficient nonparametric n-body force fields from machine learning},
  author={Glielmo, Aldo and Zeni, Claudio and De Vita, Alessandro},
  journal={Physical Review B},
  volume={97},
  number={18},
  pages={184307},
  year={2018},
  publisher={APS}
}

@article{alvarez2012kernels,
  title={Kernels for vector-valued functions: A review},
  author={Alvarez, Mauricio A and Rosasco, Lorenzo and Lawrence, Neil D and others},
  journal={Foundations and Trends{\textregistered} in Machine Learning},
  volume={4},
  number={3},
  pages={195--266},
  year={2012},
  publisher={Now Publishers, Inc.}
}

@article{giannozzi2009quantum,
  title={QUANTUM ESPRESSO: a modular and open-source software project for quantum simulations of materials},
  author={Giannozzi, Paolo and Baroni, Stefano and Bonini, Nicola and Calandra, Matteo and Car, Roberto and Cavazzoni, Carlo and Ceresoli, Davide and Chiarotti, Guido L and Cococcioni, Matteo and Dabo, Ismaila and others},
  journal={Journal of physics: Condensed matter},
  volume={21},
  number={39},
  pages={395502},
  year={2009},
  publisher={IOP Publishing}
}

@article{kohn1999nobel,
  title={Nobel Lecture: Electronic structure of matterâ€”wave functions and density functionals},
  author={Kohn, Walter},
  journal={Reviews of Modern Physics},
  volume={71},
  number={5},
  pages={1253},
  year={1999},
  publisher={APS}
}

@book{allen2017computer,
  title={Computer simulation of liquids},
  author={Allen, Michael P and Tildesley, Dominic J},
  year={2017},
  publisher={Oxford university press}
}

